
@article{ACHLIOPTAS2003JL,
  title = {Database-Friendly Random Projections: Johnson-Lindenstrauss with Binary Coins},
  journal = {Journal of Computer and System Sciences},
  volume = {66},
  number = {4},
  pages = {671-687},
  year = {2003},
  note = {Special Issue on PODS 2001},
  issn = {0022-0000},
  doi = {10.1016/S0022-0000(03)00025-4},
  url = {https://www.sciencedirect.com/science/article/pii/S0022000003000254},
  author = {Dimitris Achlioptas}
}

@inproceedings{Clarkson2013LowRankApprox,
  author = {Clarkson, Kenneth L. and Woodruff, David P.},
  title = {Low Rank Approximation and Regression in Input Sparsity Time},
  year = {2013},
  isbn = {9781450320290},
  publisher = {Association for Computing Machinery},
  address = {New York, NY, USA},
  doi = {https://doi.org/10.1145/2488608.2488620},

